<?xml version="1.0" encoding="UTF-8"?><record xmlns="http://www.loc.gov/MARC21/slim" xmlns:cinclude="http://apache.org/cocoon/include/1.0" xmlns:zs="http://www.loc.gov/zing/srw/">
  <leader>00976cz  a2200277n  4500</leader>
  <controlfield tag="001">n  81146914 </controlfield>
  <controlfield tag="003">DLC</controlfield>
  <controlfield tag="005">20160113084910.0</controlfield>
  <controlfield tag="008">820126n| azannaabn          |a aaa      </controlfield>
  <datafield tag="010" ind1=" " ind2=" ">
    <subfield code="a">n  81146914 </subfield>
  </datafield>
  <datafield tag="035" ind1=" " ind2=" ">
    <subfield code="a">(OCoLC)oca00691680</subfield>
  </datafield>
  <datafield tag="040" ind1=" " ind2=" ">
    <subfield code="a">DLC</subfield>
    <subfield code="b">eng</subfield>
    <subfield code="e">rda</subfield>
    <subfield code="c">DLC</subfield>
    <subfield code="d">OCoLC</subfield>
    <subfield code="d">DLC</subfield>
  </datafield>
  <datafield tag="046" ind1=" " ind2=" ">
    <subfield code="s">1540</subfield>
  </datafield>
  <datafield tag="100" ind1="0" ind2=" ">
    <subfield code="a">Jan,</subfield>
    <subfield code="c">z Lublina,</subfield>
    <subfield code="d">active 1540</subfield>
  </datafield>
  <datafield tag="400" ind1="1" ind2=" ">
    <subfield code="a">De Lublin, Jan,</subfield>
    <subfield code="d">active 1540</subfield>
  </datafield>
  <datafield tag="400" ind1="1" ind2=" ">
    <subfield code="a">De Lublin, Johannes,</subfield>
    <subfield code="d">active 1540</subfield>
  </datafield>
  <datafield tag="400" ind1="0" ind2=" ">
    <subfield code="a">Jan,</subfield>
    <subfield code="c">de Lublin,</subfield>
    <subfield code="d">active 1540</subfield>
  </datafield>
  <datafield tag="400" ind1="0" ind2=" ">
    <subfield code="w">nnaa</subfield>
    <subfield code="a">Jan z Lublina,</subfield>
    <subfield code="d">fl. 1540</subfield>
  </datafield>
  <datafield tag="400" ind1="0" ind2=" ">
    <subfield code="w">nnea</subfield>
    <subfield code="a">Jan,</subfield>
    <subfield code="c">z Lublina,</subfield>
    <subfield code="d">fl. 1540</subfield>
  </datafield>
  <datafield tag="400" ind1="0" ind2=" ">
    <subfield code="a">Johannes,</subfield>
    <subfield code="c">de Lublin,</subfield>
    <subfield code="d">active 1540</subfield>
  </datafield>
  <datafield tag="400" ind1="0" ind2=" ">
    <subfield code="a">Johannes,</subfield>
    <subfield code="c">von Lublin,</subfield>
    <subfield code="d">active 1540</subfield>
  </datafield>
  <datafield tag="400" ind1="1" ind2=" ">
    <subfield code="a">Lublin, Jan de,</subfield>
    <subfield code="d">active 1540</subfield>
  </datafield>
  <datafield tag="400" ind1="1" ind2=" ">
    <subfield code="a">Lublin, Johannes de,</subfield>
    <subfield code="d">active 1540</subfield>
  </datafield>
  <datafield tag="400" ind1="1" ind2=" ">
    <subfield code="a">Lublin, Johannes von,</subfield>
    <subfield code="d">active 1540</subfield>
  </datafield>
  <datafield tag="400" ind1="1" ind2=" ">
    <subfield code="a">Von Lublin, Johannes,</subfield>
    <subfield code="d">active 1540</subfield>
  </datafield>
  <datafield tag="670" ind1=" " ind2=" ">
    <subfield code="a">GuĚnter Maurischat an der Kayser-Orgel in Hohenkirchen [SR] 1975?:</subfield>
    <subfield code="b">label (Johannes de Lublin)</subfield>
  </datafield>
</record>